% BiBTeX database

%% bibtexfile{
	%%  author   = "J. Guillermo Colli-Alfaro",
	%%  version  = "1.0",
	%%  date     = "21 February 2019",
	%%  filename = "references.bib",
	%%  address  = "Wearable Biomechatronics Laboratory
	%%  		School of Biomedical Engineering
	%%		University of Western Ontario",
	%%  email    = "<jcollial at node uwo.ca>" }

%%%%%%%%%%%%%%%%%%%%%%%%%%%%%%%%%%%%%%%%%%%%%%%%%%%%%%%%%%%%%%%%%%%%%%%%%%%%%%
%%  Journals

@IEEEtranBSTCTL{IEEEexample:BSTcontrol,
	CTLuse_forced_etal       = "yes",
	CTLmax_names_forced_etal = "3",
	CTLnames_show_etal       = "2" 
}

@inproceedings{girshick2014rich,
  title={Rich feature hierarchies for accurate object detection and semantic segmentation},
  author={Girshick, Ross and Donahue, Jeff and Darrell, Trevor and Malik, Jitendra},
  booktitle={Proceedings of the IEEE conference on computer vision and pattern recognition},
  pages={580--587},
  year={2014}
}

@inproceedings{girshick2015fast,
  title={Fast r-cnn},
  author={Girshick, Ross},
  booktitle={Proceedings of the IEEE international conference on computer vision},
  pages={1440--1448},
  year={2015}
}

@article{howard2017mobilenets,
  title={Mobilenets: Efficient convolutional neural networks for mobile vision applications},
  author={Howard, Andrew G and Zhu, Menglong and Chen, Bo and Kalenichenko, Dmitry and Wang, Weijun and Weyand, Tobias and Andreetto, Marco and Adam, Hartwig},
  journal={arXiv preprint arXiv:1704.04861},
  year={2017}
}

@article{nguyen2020vindr,
  title={VinDr-CXR: An open dataset of chest X-rays with radiologist's annotations},
  author={Nguyen, Ha Q and Lam, Khanh and Le, Linh T and Pham, Hieu H and Tran, Dat Q and Nguyen, Dung B and Le, Dung D and Pham, Chi M and Tong, Hang TT and Dinh, Diep H and others},
  journal={arXiv preprint arXiv:2012.15029},
  year={2020}
}

@article{perez2017effectiveness,
  title={The effectiveness of data augmentation in image classification using deep learning},
  author={Perez, Luis and Wang, Jason},
  journal={arXiv preprint arXiv:1712.04621},
  year={2017}
}

@inproceedings{redmon2016you,
  title={You only look once: Unified, real-time object detection},
  author={Redmon, Joseph and Divvala, Santosh and Girshick, Ross and Farhadi, Ali},
  booktitle={Proceedings of the IEEE conference on computer vision and pattern recognition},
  pages={779--788},
  year={2016}
}

@article{ren2015faster,
  title={Faster r-cnn: Towards real-time object detection with region proposal networks},
  author={Ren, Shaoqing and He, Kaiming and Girshick, Ross and Sun, Jian},
  journal={arXiv preprint arXiv:1506.01497},
  year={2015}
}

@article{rimmer2017radiologist,
  title={Radiologist shortage leaves patient care at risk, warns royal college},
  author={Rimmer, Abi},
  journal={BMJ: British Medical Journal (Online)},
  volume={359},
  year={2017},
  publisher={BMJ Publishing Group LTD}
}
